@TechReport{Werner:1982,
  author={W. Guth and R. Schmittberger and B. Schwartz},
  title={{An experimental analysis of ultimatum bargaining}},
  year=1982,
  month=Dec,
  institution={David K. Levine},
  type={Levine's Working Paper Archive},
  url={http://ideas.repec.org/p/cla/levarc/291.html},
  number={291},
  abstract={No abstract is available for this item.},
  keywords={},
}


@Article{Kahneman:1986,
  author={Kahneman, Daniel and Knetsch, Jack L and Thaler, Richard H},
  title={{Fairness and the Assumptions of Economics}},
  journal={The Journal of Business},
  year=1986,
  volume={59},
  number={4},
  pages={S285-300},
  month={October},
  keywords={},
  abstract={No abstract is available for this item.},
  url={http://ideas.repec.org/a/ucp/jnlbus/v59y1986i4ps285-300.html}
}


@article{Flake:2001,
  author = {Flake, Gary William},
  biburl = {http://www.bibsonomy.org/bibtex/2013dd4716173e01562f062b20e1d25b1/dblp},
  date = {2003-11-19},
  description = {dblp},
  ee = {http://dx.doi.org/10.1016/S0004-3702(01)00076-5},
  interhash = {9b4e6a76621509008b584c076b500d5c},
  intrahash = {013dd4716173e01562f062b20e1d25b1},
  journal = {Artif. Intell.},
  keywords = {dblp},
  number = {1-2},
  pages = {243-244},
  timestamp = {2003-11-19T00:00:00.000+0100},
  title = {G. W. Flake, The Computational Beauty of Nature.},
  url = {http://dblp.uni-trier.de/db/journals/ai/ai128.html#Flake01},
  volume = 128,
  year = 2001
}

@Article{Rubinstein:1982,
  author={Rubinstein, Ariel},
  title={{Perfect Equilibrium in a Bargaining Model}},
  journal={Econometrica},
  year=1982,
  volume={50},
  number={1},
  pages={97-109},
  month={January},
  keywords={},
  abstract={No abstract is available for this item.},
  url={http://ideas.repec.org/a/ecm/emetrp/v50y1982i1p97-109.html}
}

@misc{UltimatumGame,
  title = {Ultimatum Game in real life},
  howpublished = {\url{http://www.econport.org/econport/request?page=man_tfr_experiments_ultimatumgame}},
  note = {Accessed: 2014-03-19}
}

